

@inproceedings{albawi2017understanding,
  title={Understanding of a convolutional neural network},
  author={Albawi, Saad and Mohammed, Tareq Abed and Al-Zawi, Saad},
  booktitle={2017 International Conference on Engineering and Technology (ICET)},
  pages={1--6},
  year={2017},
  organization={Ieee}
}

@article{o2015introduction,
  title={An introduction to convolutional neural networks},
  author={O'Shea, Keiron and Nash, Ryan},
  journal={arXiv preprint arXiv:1511.08458},
  year={2015}
}

@inproceedings{amini2019uncovering,
  title={Uncovering and mitigating algorithmic bias through learned latent structure},
  author={Amini, Alexander and Soleimany, Ava P and Schwarting, Wilko and Bhatia, Sangeeta N and Rus, Daniela},
  booktitle={Proceedings of the 2019 AAAI/ACM Conference on AI, Ethics, and Society},
  pages={289--295},
  year={2019}
}

@incollection{torrey2010transfer,
  title={Transfer learning},
  author={Torrey, Lisa and Shavlik, Jude},
  booktitle={Handbook of research on machine learning applications and trends: algorithms, methods, and techniques},
  pages={242--264},
  year={2010},
  publisher={IGI global}
}

@inproceedings{hussain2018study,
  title={A study on cnn transfer learning for image classification},
  author={Hussain, Mahbub and Bird, Jordan J and Faria, Diego R},
  booktitle={UK Workshop on computational Intelligence},
  pages={191--202},
  year={2018},
  organization={Springer}
}
@article{qin2020identifying,
  title={Identifying Facemask-Wearing Condition Using Image Super-Resolution with Classification Network to Prevent COVID-19},
  author={Qin, Bosheng and Li, Dongxiao},
  journal={Sensors},
  volume={20},
  number={18},
  pages={5236},
  year={2020},
  publisher={Multidisciplinary Digital Publishing Institute}
}

@inproceedings{chowdary2020face,
  title={Face mask detection using transfer learning of inceptionv3},
  author={Chowdary, G Jignesh and Punn, Narinder Singh and Sonbhadra, Sanjay Kumar and Agarwal, Sonali},
  booktitle={International Conference on Big Data Analytics},
  pages={81--90},
  year={2020},
  organization={Springer}
}

@misc{alsing2018mobile,
  title={Mobile object detection using tensorflow lite and transfer learning},
  author={Alsing, Oscar},
  year={2018}
}

@inproceedings{culjak2012brief,
  title={A brief introduction to OpenCV},
  author={Culjak, Ivan and Abram, David and Pribanic, Tomislav and Dzapo, Hrvoje and Cifrek, Mario},
  booktitle={2012 proceedings of the 35th international convention MIPRO},
  pages={1725--1730},
  year={2012},
  organization={IEEE}
}
@article{jordan2015machine,
  title={Machine learning: Trends, perspectives, and prospects},
  author={Jordan, Michael I and Mitchell, Tom M},
  journal={Science},
  volume={349},
  number={6245},
  pages={255--260},
  year={2015},
  publisher={American Association for the Advancement of Science}
}

@article{punn2020monitoring,
  title={Monitoring COVID-19 social distancing with person detection and tracking via fine-tuned YOLO v3 and Deepsort techniques},
  author={Punn, Narinder Singh and Sonbhadra, Sanjay Kumar and Agarwal, Sonali},
  journal={arXiv preprint arXiv:2005.01385},
  year={2020}
}

@article{peng2018face,
  title={Face recognition from multiple stylistic sketches: Scenarios, datasets, and evaluation},
  author={Peng, Chunlei and Gao, Xinbo and Wang, Nannan and Li, Jie},
  journal={Pattern Recognition},
  volume={84},
  pages={262--272},
  year={2018},
  publisher={Elsevier}
}

@inproceedings{yu2016unitbox,
  title={Unitbox: An advanced object detection network},
  author={Yu, Jiahui and Jiang, Yuning and Wang, Zhangyang and Cao, Zhimin and Huang, Thomas},
  booktitle={Proceedings of the 24th ACM international conference on Multimedia},
  pages={516--520},
  year={2016}
}

@inproceedings{hao2017scale,
  title={Scale-aware face detection},
  author={Hao, Zekun and Liu, Yu and Qin, Hongwei and Yan, Junjie and Li, Xiu and Hu, Xiaolin},
  booktitle={Proceedings of the IEEE Conference on Computer Vision and Pattern Recognition},
  pages={6186--6195},
  year={2017}
}
@article{pan2009survey,
  title={A survey on transfer learning},
  author={Pan, Sinno Jialin and Yang, Qiang},
  journal={IEEE Transactions on knowledge and data engineering},
  volume={22},
  number={10},
  pages={1345--1359},
  year={2009},
  publisher={IEEE}
}
@article{ojala2002multiresolution,
  title={Multiresolution gray-scale and rotation invariant texture classification with local binary patterns},
  author={Ojala, Timo and Pietikainen, Matti and Maenpaa, Topi},
  journal={IEEE Transactions on pattern analysis and machine intelligence},
  volume={24},
  number={7},
  pages={971--987},
  year={2002},
  publisher={IEEE}
}
@article{nagrath2021ssdmnv2,
  title={SSDMNV2: A real time DNN-based face mask detection system using single shot multibox detector and MobileNetV2},
  author={Nagrath, Preeti and Jain, Rachna and Madan, Agam and Arora, Rohan and Kataria, Piyush and Hemanth, Jude},
  journal={Sustainable cities and society},
  volume={66},
  pages={102692},
  year={2021},
  publisher={Elsevier}
}
@inproceedings{yang2016wider,
  title={Wider face: A face detection benchmark},
  author={Yang, Shuo and Luo, Ping and Loy, Chen-Change and Tang, Xiaoou},
  booktitle={Proceedings of the IEEE conference on computer vision and pattern recognition},
  pages={5525--5533},
  year={2016}
}